@INPROCEEDINGS{2001ICRC....4.1437Z,
       author = {{Zager}, E.~L. and {Wilkes}, R.~J.},
        title = "{Simulation of 10--1000 TeV Calorimeter Interactions}",
    booktitle = {International Cosmic Ray Conference},
         year = 2001,
       series = {International Cosmic Ray Conference},
       volume = {4},
        month = aug,
        pages = {1437},
       adsurl = {https://ui.adsabs.harvard.edu/abs/2001ICRC....4.1437Z},
      adsnote = {Provided by the SAO/NASA Astrophysics Data System}
}
